<record><leader>00000cas a22000007a 4500</leader><controlfield tag="001">8793644</controlfield><controlfield tag="008">820921d18331843aluwr ne      0    0eng  </controlfield><datafield ind1=" " ind2=" " tag="010"><subfield code="a">sn 82014901 </subfield></datafield><datafield ind1=" " ind2=" " tag="040"><subfield code="a">DLC</subfield><subfield code="b">eng</subfield><subfield code="c">DLC</subfield><subfield code="d">NPX</subfield><subfield code="d">DLC</subfield><subfield code="d">CPN</subfield><subfield code="d">DLC</subfield><subfield code="d">NLG</subfield><subfield code="d">OCLCQ</subfield></datafield><datafield ind1=" " ind2=" " tag="042"><subfield code="a">msc</subfield></datafield><datafield ind1="0" ind2="0" tag="050"><subfield code="a">Newspaper 7003-X</subfield></datafield><datafield ind1="0" ind2=" " tag="130"><subfield code="a">Flag of the union (Tuscaloosa, Ala.)</subfield></datafield><datafield ind1="1" ind2="0" tag="245"><subfield code="a">Flag of the union.</subfield></datafield><datafield ind1=" " ind2=" " tag="260"><subfield code="a">Tuscaloosa, Ala. :</subfield><subfield code="b">D. Ferguson</subfield></datafield><datafield ind1=" " ind2=" " tag="300"><subfield code="a">v. ;</subfield><subfield code="c">53-69 cm.</subfield></datafield><datafield ind1=" " ind2=" " tag="310"><subfield code="a">Weekly,</subfield><subfield code="b">&lt;Sept. 3, 1836-Nov. 2, 1843&gt;</subfield></datafield><datafield ind1=" " ind2=" " tag="321"><subfield code="a">Weekly,</subfield><subfield code="b">&lt;-July 2, 1836&gt;</subfield></datafield><datafield ind1=" " ind2=" " tag="321"><subfield code="a">Semiweekly,</subfield><subfield code="b">&lt;July 9-Aug. 27, 1836&gt;</subfield></datafield><datafield ind1="1" ind2=" " tag="362"><subfield code="a">Began with July 4, 1833 issue; ceased with Nov. 2, 1843 issue.</subfield><subfield code="z">Cf. Gregory, W. Amer. newspapers.</subfield></datafield><datafield ind1=" " ind2=" " tag="500"><subfield code="a">Publishers: Meek &amp; McGuire, &lt;1836&gt;; D. Ferguson, &lt;1837&gt;; Ferguson &amp; Eaton, &lt;1837&gt;; Phelan &amp; Harris, &lt;1842&gt;; Hale &amp; Phelan, &lt;1843&gt;.</subfield></datafield><datafield ind1=" " ind2=" " tag="500"><subfield code="a">"Union Democratic."</subfield></datafield><datafield ind1=" " ind2=" " tag="500"><subfield code="a">Editors: D. Ferguson, &lt;1834&gt;; A. Meek, &lt;1836&gt;; P. May, 1835-1837; S. Hale, 1841-1842.</subfield></datafield><datafield ind1=" " ind2=" " tag="588"><subfield code="a">Description based on: Vol. 1, no. 2 (July 11, 1833).</subfield></datafield><datafield ind1="1" ind2=" " tag="700"><subfield code="a">Ferguson, David.</subfield></datafield><datafield ind1="1" ind2=" " tag="700"><subfield code="a">May, P. H.</subfield></datafield><datafield ind1="1" ind2=" " tag="700"><subfield code="a">Hale, Samuel.</subfield></datafield><datafield ind1=" " ind2=" " tag="752"><subfield code="a">United States</subfield><subfield code="b">Alabama</subfield><subfield code="c">Tuscaloosa</subfield><subfield code="d">Tuscaloosa.</subfield></datafield><datafield ind1="0" ind2="7" tag="785"><subfield code="t">State journal (Tuscaloosa, Ala.)</subfield></datafield><datafield ind1="0" ind2="7" tag="785"><subfield code="t">State journal and flag</subfield><subfield code="w">(DLC)sn 82014375</subfield></datafield><datafield ind1="1" ind2=" " tag="029"><subfield code="a">AU@</subfield><subfield code="b">000025823493</subfield></datafield></record>